<?xml version="1.0" encoding="UTF-8"?><collection xmlns="http://www.loc.gov/MARC21/slim"><record><leader>00332nam--2200133-i-4500</leader><controlfield tag="001">000041663</controlfield><controlfield tag="002">20161230</controlfield><controlfield tag="005">20161230201043</controlfield><controlfield tag="008">060222s1000------------r-----000-0-eng-d</controlfield><datafield ind1=" " ind2=" " tag="080"><subfield code="a">577.3:577.1</subfield></datafield><datafield ind1=" " ind2=" " tag="100"><subfield code="a">Simon,Zeno</subfield></datafield><datafield ind1=" " ind2=" " tag="245"><subfield code="a">Biochimie cuantica si interractii specifice</subfield></datafield><datafield ind1=" " ind2=" " tag="260"><subfield code="a">Bucuresti, Ed.St.,1973. 272 P</subfield></datafield><datafield ind1=" " ind2=" " tag="852"><subfield code="a">39726</subfield></datafield></record></collection>